<record><leader>00000cas a22000007a 4500</leader><controlfield tag="001">22835376</controlfield><controlfield tag="008">901211d195319uucouwr ne      0    0eng d</controlfield><datafield ind1=" " ind2=" " tag="010"><subfield code="a">sn 90099924 </subfield></datafield><datafield ind1=" " ind2=" " tag="040"><subfield code="a">CNQ</subfield><subfield code="b">eng</subfield><subfield code="c">CNQ</subfield><subfield code="d">OCLCQ</subfield></datafield><datafield ind1=" " ind2=" " tag="042"><subfield code="a">msc</subfield></datafield><datafield ind1="0" ind2=" " tag="130"><subfield code="a">Valley sun (Alamosa, Colo.)</subfield></datafield><datafield ind1="1" ind2="4" tag="245"><subfield code="a">The valley sun.</subfield></datafield><datafield ind1="1" ind2="3" tag="246"><subfield code="a">Valley sun consolidated with the valley shopper</subfield></datafield><datafield ind1="1" ind2="7" tag="246"><subfield code="a">Valley sun with the valley shopper, San Luis Valley news and valley herald</subfield></datafield><datafield ind1=" " ind2=" " tag="260"><subfield code="a">Alamosa, Colo. :</subfield><subfield code="b">Artcroft Print. Co.</subfield></datafield><datafield ind1=" " ind2=" " tag="300"><subfield code="a">v.</subfield></datafield><datafield ind1=" " ind2=" " tag="310"><subfield code="a">Weekly</subfield></datafield><datafield ind1="0" ind2=" " tag="362"><subfield code="a">Vol. 2, no. 36 (Dec. 3, 1953)-</subfield></datafield><datafield ind1=" " ind2=" " tag="752"><subfield code="a">United States</subfield><subfield code="b">Colorado</subfield><subfield code="c">Alamosa</subfield><subfield code="d">Alamosa.</subfield></datafield><datafield ind1="0" ind2="0" tag="780"><subfield code="t">Valley shopper</subfield><subfield code="w">(DLC)sn 90051142</subfield></datafield></record>